<record><leader>00000cas a22000007a 4500</leader><controlfield tag="001">22122749</controlfield><controlfield tag="008">900723d19731974mnuwr ne      0    0eng d</controlfield><datafield ind1=" " ind2=" " tag="010"><subfield code="a">sn 90059869 </subfield></datafield><datafield ind1=" " ind2=" " tag="040"><subfield code="a">MN#</subfield><subfield code="b">eng</subfield><subfield code="c">MN#</subfield><subfield code="d">OCLCQ</subfield><subfield code="d">OCLCF</subfield><subfield code="d">OCLCO</subfield></datafield><datafield ind1=" " ind2=" " tag="042"><subfield code="a">msc</subfield></datafield><datafield ind1=" " ind2=" " tag="043"><subfield code="a">n-us-mn</subfield></datafield><datafield ind1=" " ind2=" " tag="052"><subfield code="a">4144</subfield><subfield code="b">E3</subfield><subfield code="b">M88</subfield></datafield><datafield ind1=" " ind2=" " tag="052"><subfield code="a">4143</subfield><subfield code="b">H4</subfield></datafield><datafield ind1="0" ind2=" " tag="130"><subfield code="a">Sun (Edina, Minn. : Mound-West Tonka community ed.)</subfield></datafield><datafield ind1="0" ind2="0" tag="245"><subfield code="a">Sun.</subfield></datafield><datafield ind1="0" ind2="3" tag="246"><subfield code="a">Mound sun.</subfield></datafield><datafield ind1=" " ind2=" " tag="250"><subfield code="a">Mound-West Tonka community ed.</subfield></datafield><datafield ind1=" " ind2=" " tag="260"><subfield code="a">Edina, Minn. :</subfield><subfield code="b">Sun Newspapers,</subfield><subfield code="c">1973-</subfield></datafield><datafield ind1=" " ind2=" " tag="300"><subfield code="a">v.</subfield></datafield><datafield ind1=" " ind2=" " tag="310"><subfield code="a">Weekly</subfield></datafield><datafield ind1="0" ind2=" " tag="362"><subfield code="a">Vol. 73, no. 9 (Aug. 16, 1973)-</subfield></datafield><datafield ind1="1" ind2=" " tag="362"><subfield code="a">Ceased in Aug. 1974?</subfield></datafield><datafield ind1=" " ind2=" " tag="530"><subfield code="a">Available on microfilm from the Minnesota Historical Society.</subfield></datafield><datafield ind1=" " ind2=" " tag="580"><subfield code="a">Merged with: Sun (Edina, Minn. : Excelsior-Deephaven Minnetonka ed.), and: Sun (Edina, Minn. : Wayzata-Orono community ed.), and: Sun (Edina, Minn. : Plymouth community ed.), to form : Sun (Edina, Minn. : Lake Minnetonka ed.).</subfield></datafield><datafield ind1=" " ind2="0" tag="651"><subfield code="a">Edina (Minn.)</subfield><subfield code="v">Newspapers.</subfield></datafield><datafield ind1=" " ind2="0" tag="651"><subfield code="a">Mound (Minn.)</subfield><subfield code="v">Newspapers.</subfield></datafield><datafield ind1=" " ind2="7" tag="655"><subfield code="a">Newspapers.</subfield><subfield code="2">fast</subfield><subfield code="0">(OCoLC)fst01423814</subfield></datafield><datafield ind1=" " ind2="7" tag="651"><subfield code="a">Minnesota</subfield><subfield code="z">Edina.</subfield><subfield code="2">fast</subfield><subfield code="0">(OCoLC)fst01220182</subfield></datafield><datafield ind1=" " ind2="7" tag="651"><subfield code="a">Minnesota</subfield><subfield code="z">Mound.</subfield><subfield code="2">fast</subfield><subfield code="0">(OCoLC)fst01227777</subfield></datafield><datafield ind1=" " ind2=" " tag="752"><subfield code="a">United States</subfield><subfield code="b">Minnesota</subfield><subfield code="c">Hennepin</subfield><subfield code="d">Edina.</subfield></datafield><datafield ind1=" " ind2=" " tag="752"><subfield code="a">United States</subfield><subfield code="b">Minnesota</subfield><subfield code="c">Hennepin</subfield><subfield code="d">Mound.</subfield></datafield><datafield ind1="0" ind2="0" tag="780"><subfield code="t">Mound West Tonka midweek sun</subfield><subfield code="w">(DLC)sn 90059868</subfield></datafield><datafield ind1="0" ind2="7" tag="785"><subfield code="t">Sun (Edina, Minn. : Excesior-Deephaven Minnetonka ed.)</subfield><subfield code="w">(DLC)sn 90059864</subfield></datafield><datafield ind1="0" ind2="7" tag="785"><subfield code="t">Sun (Edina, Minn. : Wayzata-Orono community ed.)</subfield><subfield code="w">(DLC)sn 90059879</subfield></datafield><datafield ind1="0" ind2="7" tag="785"><subfield code="t">Sun (Edina, Minn. : Plymouth community ed.)</subfield><subfield code="w">(DLC)sn 90059878</subfield></datafield><datafield ind1="0" ind2="7" tag="785"><subfield code="t">Sun (Edina, Minn. : Lake Minnetonka ed.)</subfield><subfield code="w">(DLC)sn 90059816</subfield></datafield></record>